% This file was created with JabRef 2.8.1.
% Encoding: GBK

@ARTICLE{Turing1936,
  title={On computable numbers, with an application to the Entscheidungsproblem},
  author={Turing, Alan M},
  journal={Proceedings of the London mathematical society},
  volume={42},
  number={2},
  pages={230--265},
  year={1936},
  publisher={London, UK}
}

@BOOK{Church1985,
  title={The Calculi of Lambda Conversion.(AM-6)},
  author={Church, Alonzo},
  number={6},
  year={1985},
  publisher={Princeton University Press}
}

@BOOK{Rogers1967,
 author={Rogers, H.},
 title={Theory of recursive functions and effective computation},
 year={1967},
 publisher={McGraw-Hill}
}

@ARTICLE{Baeten1993,
  author = {Baeten, J.C.M. and Bergstra, J.A. and Klop, J.W.},
  title = {{Decidability of bisimulation equivalence for process generating
	context-free languages}},
  journal = {Journal of the ACM (JACM)},
  year = {1993},
  volume = {40},
  pages = {653--682},
  number = {3},
  publisher = {acm}
}

@BOOK{Baeten1990,
  title = {{Process algebra}},
  publisher = {Cambridge University Press},
  year = {1990},
  author = {Baeten, J.C.M. and Weijland, W.P.},
  isbn = {9780521400435},
  url = {http://books.google.com.hk/books?id=s\_myAAAAIAAJ}
}

@INCOLLECTION{Burkart2001,
  author = {Burkart, O. and Caucal, D. and Moller, F. and Steffen, B.},
  title = {{Verifcation on infinite structures}},
  booktitle = {Handbook of Process Algebra},
  publisher = {Cambridge University Press},
  year = {2001},
  pages = {545--623},
  keywords = {automatic veri cation,be-,bisimulation,branching-time temporal logics,complexity,computation,decidability,equivalence
	checking,havioural equivalences,in nite-state rewrite transition,linear,model
	checking,parallel com-,position,regularity checking,sequential,systems}
}

@ARTICLE{Burkart1995,
  author = {Burkart, O. and Caucal, D. and Steffen, B.},
  title = {{An elementary bisimulation decision procedure for arbitrary context-free
	processes}},
  journal = {Mathematical Foundations of Computer Science},
  year = {1995},
  volume = {969},
  pages = {423--433},
  publisher = {Springer},
  url = {http://www.springerlink.com/index/F486R7N71UK77702.pdf}
}

@ARTICLE{Chen2008,
  author = {Chen, H.},
  title = {{More on weak bisimilarity of normed basic parallel processes}},
  journal = {Theory and Applications of Models of Computation},
  year = {2008},
  pages = {192--203},
  publisher = {Springer},
  url = {http://www.springerlink.com/index/q18v807v5243x8l5.pdf}
}

@ARTICLE{Chen2008a,
  author = {Chen, H.},
  title = {{Decidability of weak bisimilarity for a subset of BPA}},
  journal = {Electronic Notes in Theoretical Computer Science},
  year = {2008},
  volume = {212},
  pages = {241--255},
  doi = {10.1016/j.entcs.2008.04.065},
  keywords = {bpa,decidabilty,normed,tableau},
  publisher = {Elsevier},
  url = {http://www.sciencedirect.com/science/article/pii/S1571066108002806}
}

@ARTICLE{Christensen1992,
  author = {Christensen, S. and H{\"u}ttel, H. and Stirling, C.},
  title = {{Bisimulation equivalence is decidable for all context-free processes}},
  journal = {Lecture Notes in Computer Science},
  year = {1992},
  volume = {630},
  pages = {138--147},
  organization = {Springer}
}

@ARTICLE{CzerwiAski2011,
  author = {Czerwi{\'n}ski, W. and Hofman, P. and Lasota, S.},
  title = {{Decidability of branching bisimulation on normed commutative context-free
	processes}},
  journal = {CONCUR 2011--Concurrency Theory},
  year = {2011},
  pages = {528--542},
  file = {:D$\backslash$:/study/è®ºæ–‡/concur11 BPP decidability.pdf:pdf},
  publisher = {Springer}
}

@ARTICLE{Fu2013,
  author = {Fu, Yuxi},
  title = {{Checking equality and regularity for normed BPA with silent moves}},
  year = {2013}
}

@INPROCEEDINGS{Huttel1992,
  author = {H\"{u}ttel, H.},
  title = {{Silence is golden: Branching bisimilarity is decidable for context-free
	processes}},
  booktitle = {Computer Aided Verification},
  year = {1992},
  pages = {2--12},
  organization = {Springer},
  url = {http://www.springerlink.com/index/FV874MQX42278271.pdf}
}

@ARTICLE{Hirshfeldb,
  author = {Hirshfeld, Y. and Jerrum, M.},
  title = {{Bisimulation equivalence is decidable for normed process algebra}},
  journal = {Automata, Languages and Programming},
  year = {1999},
  pages = {72--73},
  publisher = {Springer}
}

@ARTICLE{Hirshfeld,
  author = {Hirshfeld, Y. and Jerrum, M. and Moller, F.},
  title = {{A polynomial algorithm for deciding bisimilarity of normed context-free
	processes}},
  journal = {Theoretical Computer Science},
  year = {1996},
  volume = {158},
  pages = {143--159},
  number = {1},
  publisher = {Elsevier}
}

@ARTICLE{Hirshfelda,
  author = {Hirshfeld, Y. and Jerrum, M. and Moller, F.},
  title = {{A polynomial-time algorithm for deciding bisimulation equivalence
	of normed basic parallel processes.}},
  journal = {Mathematical Structures in Computer Science},
  year = {1996},
  volume = {6},
  pages = {251--259},
  number = {3},
  publisher = {Cambridge Univ Press}
}

@BOOK{Hopcroft1979,
  title = {{Introduction to automata theory, languages and computation}},
  publisher = {Addison-Wesley Publishing Company},
  year = {1979},
  author = {Hopcroft, J. and Motwani, R. and Ullman, J.},
  volume = {2}
}

@INPROCEEDINGS{Jancar2003,
  author = {Jan\v{c}ar, P.},
  title = {{Strong bisimilarity on basic parallel processes in PSPACE-complete}},
  booktitle = {Logic in Computer Science, 2003. Proceedings. 18th Annual IEEE Symposium
	on},
  year = {2003},
  pages = {218--227},
  organization = {IEEE},
  url = {http://ieeexplore.ieee.org/xpls/abs\_all.jsp?arnumber=1210061}
}

@INPROCEEDINGS{Kot2005a,
  author = {Kot, M.},
  title = {{Regularity of BPP is PSPACE-complete}},
  booktitle = {Proceedings of the 3rd Ph. D. Workshop of Faculty of Electrical En
	gineering and Computer Science (WOFEX¡¯05)},
  year = {2005},
  pages = {393--398},
  keywords = {basic parallel process,bisimilarity,bisimulation,equivalence,finite
	state system,pspace-completeness,regularity},
  url = {http://www.cs.vsb.cz/kot/down/Publications/2005\_Wofex\_Kot.pdf}
}

@INPROCEEDINGS{Kucera1996,
  author = {Ku\v{c}era, A.},
  title = {{Regularity is decidable for normed PA processes in polynomial time}},
  booktitle = {Foundations of Software Technology and Theoretical Computer Science},
  year = {1996},
  pages = {111--122},
  organization = {Springer},
  url = {http://www.springerlink.com/index/f218726q73247332.pdf}
}

@ARTICLE{Kucera2006,
  author = {Ku\v{c}era, A. and Jan\v{c}ar, P.},
  title = {{Equivalence-checking on infinite-state systems: Techniques and results}},
  journal = {Theory and Practice of Logic Programming},
  year = {2006},
  volume = {6},
  pages = {227--264},
  number = {3},
  publisher = {Cambridge Univ Press},
  url = {http://journals.cambridge.org/production/action/cjoGetFulltext?fulltextid=435564}
}

@INPROCEEDINGS{Mayr2003,
  author = {Mayr, R.},
  title = {{Weak bisimilarity and regularity of BPA is EXPTIME-hard}},
  booktitle = {Proccedings of the 10th International Workshop on Expressiveness
	in Concurrency (EXPRESS¡¯03)},
  year = {2003},
  pages = {160--143},
  url = {http://ukpmc.ac.uk/abstract/CIT/598590}
}

@ARTICLE{Mayr2000,
  author = {Mayr, R.},
  title = {{Process rewrite systems}},
  journal = {Information and Computation},
  year = {2000},
  volume = {156},
  pages = {264--286},
  number = {1},
  publisher = {Elsevier},
  url = {http://www.sciencedirect.com/science/article/pii/S0890540199928262}
}

@BOOK{Milner1989,
  title = {{Comunication and Concurrency}},
  publisher = {Prentice Hall},
  year = {1989},
  author = {Milner, R.}
}

@ARTICLE{Moller2004,
  author = {Moller, F. and Smolka, S. and Srba, J.},
  title = {{On the computational complexity of bisimulation, redux}},
  journal = {Information and Computation},
  year = {2004},
  volume = {194},
  pages = {129--143},
  number = {2},
  publisher = {Elsevier}
}

@ARTICLE{Park1981,
  author = {Park, D.},
  title = {{Concurrency and automata on infinite sequences}},
  journal = {Theoretical computer science},
  year = {1981},
  pages = {167--183},
  publisher = {Springer},
  url = {http://www.springerlink.com/index/M1377770327J3402.pdf}
}

@ARTICLE{Srba2003,
  author = {Srba, J.},
  title = {{Complexity of weak bisimilarity and regularity for BPA and BPP}},
  journal = {Electronic Notes in Theoretical Computer Science},
  year = {2003},
  volume = {39},
  pages = {79--93},
  number = {1},
  publisher = {Elsevier}
}

@ARTICLE{Srba2002,
  author = {Srba, J.},
  title = {{Roadmap of infinite results}},
  journal = {Bullitin in EATCS},
  year = {2002},
  pages = {163--175},
  number = {78},
  url = { http://users-cs.au.dk/srba/roadmap/ http://scholar.google.com/scholar?hl=en\&btnG=Search\&q=intitle:Roadmap+of+infinite+results\#0}
}

@ARTICLE{Srba2002a,
  author = {Srba, J.},
  title = {{Strong bisimilarity and regularity of basic parallel processes is
	PSPACE-hard}},
  journal = {Lecture Notes in Computer Science},
  year = {2002},
  pages = {535--546},
  number = {2285},
  publisher = {Springer}
}

@ARTICLE{Glabbeek1996,
  author = {Van Glabbeek, R.J. and Weijland, W.P.},
  title = {{Branching time and abstraction in bisimulation semantics}},
  journal = {Journal of the ACM (JACM)},
  year = {1996},
  volume = {43},
  pages = {555--600},
  number = {3},
  publisher = {ACM}
}

